@article{proos,
    Author = {John Proos and Christof Zalka},
    Title = {Shor's discrete logarithm quantum algorithm for elliptic curves},
    Year = {2003},
    Eprint = {arXiv:quant-ph/0301141},
    Howpublished = {QIC 3 (No. 4) (2003) pp.317-344},
}

@misc{shor_fac,
    Author = {C. Lavor and L. R. U. Manssur and R. Portugal},
    Title = {Shor's Algorithm for Factoring Large Integers},
    Year = {2003},
    Eprint = {arXiv:quant-ph/0303175},
}
 
@article{quant_fac,
    Author = {David Beckman and Amalavoyal N. Chari and Srikrishna Devabhaktuni and John Preskill},
    Title = {Efficient Networks for Quantum Factoring},
    Year = {1996},
    Eprint = {arXiv:quant-ph/9602016},
    Howpublished = {Phys. Rev.A54:1034-1063,1996},
    Doi = {10.1103/PhysRevA.54.1034},
}

@article{shor,
    Author = {Peter W. Shor},
    Title = {Polynomial-Time Algorithms for Prime Factorization and Discrete Logarithms on a Quantum Computer},
    Year = {1995},
    Eprint = {arXiv:quant-ph/9508027},
    Howpublished = {SIAM J.Sci.Statist.Comput. 26 (1997) 1484},
}

@book{bern_quant,
    author = "Daniel J. Bernstein",
    title  = "Post-quantum cryptography",
    year   = "2009",
    note   = "Introductory Chapter",
}

@misc{pq,
    author = "Doug Finke",
    title  = "Applying Moores Law to Quantum Qubits",
    year   = "2016",
    note   = "https://quantumcomputingreport.com/",
}

@misc{dwave,
    author = "D-Wave Systems",
    title  = "D-Wave Systems Breaks the 1000 Qubit Quantum Computing Barrier",
    year   = "2015",
    note   = "http://www.dwavesys.com/press-releases/",
}

@Inbook{Gaudry2000,
    author="Gaudry, Pierrick",
    editor="Preneel, Bart",
    title="An Algorithm for Solving the Discrete Log Problem on Hyperelliptic Curves",
    bookTitle="Advances in Cryptology --- EUROCRYPT 2000: International Conference on the Theory and Application of Cryptographic Techniques Bruges, Belgium, May 14--18, 2000 Proceedings",
    year="2000",
    publisher="Springer Berlin Heidelberg",
    address="Berlin, Heidelberg",
    pages="19--34",
    isbn="978-3-540-45539-4",
    doi="10.1007/3-540-45539-6_2",
    url="http://dx.doi.org/10.1007/3-540-45539-6_2"
}

@Article{Menezes1992,
author="Menezes, Alfred J.
and Vanstone, Scott A.",
title="A note on cyclic groups, finite fields, and the discrete logarithm problem",
journal="Applicable Algebra in Engineering, Communication and Computing",
year="1992",
volume="3",
number="1",
pages="67--74",
abstract="We show how the discrete logarithm problem in some finite cyclic groups can easily be reduced to the discrete logarithm problem in a finite field. The cyclic groups that we consider are the set of points on a singular elliptic curve over a finite field, the set of points on a genus 0 curve over a finite field given by the Pell equation, and certain subgroups of the general linear group.",
issn="1432-0622",
doi="10.1007/BF01189025",
url="http://dx.doi.org/10.1007/BF01189025"
}

@Inbook{Costello2012,
author="Costello, Craig
and Lauter, Kristin",
editor="Miri, Ali
and Vaudenay, Serge",
title="Group Law Computations on Jacobians of Hyperelliptic Curves",
bookTitle="Selected Areas in Cryptography: 18th International Workshop, SAC 2011, Toronto, ON, Canada, August 11-12, 2011, Revised Selected Papers",
year="2012",
publisher="Springer Berlin Heidelberg",
address="Berlin, Heidelberg",
pages="92--117",
isbn="978-3-642-28496-0",
doi="10.1007/978-3-642-28496-0_6",
url="http://dx.doi.org/10.1007/978-3-642-28496-0_6"
}

@article{tec,
    author  = "Bernstein, Daniel J and Birkner, Peter and Joye, Marc  and Lange, Tanja  and Peters, Christiane ",
    title   = "Twisted edwards curves",
    journal = "International Conference on Cryptology in Africa",
    year    = "2008",
    pages   = "389--405",
    note    = "Springer Berlin Heidelberg",
}

