@article{proos,
    Author = {John Proos and Christof Zalka},
    Title = {Shor's discrete logarithm quantum algorithm for elliptic curves},
    Year = {2003},
    Eprint = {arXiv:quant-ph/0301141},
    Howpublished = {QIC 3 (No. 4) (2003) pp.317-344},
}

@misc{shor_fac,
    Author = {C. Lavor and L. R. U. Manssur and R. Portugal},
    Title = {Shor's Algorithm for Factoring Large Integers},
    Year = {2003},
    Eprint = {arXiv:quant-ph/0303175},
}
 
@article{quant_fac,
    Author = {David Beckman and Amalavoyal N. Chari and Srikrishna Devabhaktuni and John Preskill},
    Title = {Efficient Networks for Quantum Factoring},
    Year = {1996},
    Eprint = {arXiv:quant-ph/9602016},
    Howpublished = {Phys. Rev.A54:1034-1063,1996},
    Doi = {10.1103/PhysRevA.54.1034},
}

@article{shor,
    Author = {Peter W. Shor},
    Title = {Polynomial-Time Algorithms for Prime Factorization and Discrete Logarithms on a Quantum Computer},
    Year = {1995},
    Eprint = {arXiv:quant-ph/9508027},
    Howpublished = {SIAM J.Sci.Statist.Comput. 26 (1997) 1484},
}

@book{bern_quant,
    author = "Daniel J. Bernstein",
    title  = "Post-quantum cryptography",
    year   = "2009",
    note   = "Introductory Chapter",
}

@misc{pq,
    author = "Doug Finke",
    title  = "Applying Moores Law to Quantum Qubits",
    year   = "2016",
    note   = "https://quantumcomputingreport.com/",
}

@misc{ibm,
    author = "IBM",
    title  = "The Dawn of Quantum Computing is Upon Us",
    year   = "2016",
    url    = "https://www.ibm.com/blogs/think/2016/05/the-quantum-age-of-computing-is-here/"
}

@Inbook{Gaudry2000,
    author="Gaudry, Pierrick",
    editor="Preneel, Bart",
    title="An Algorithm for Solving the Discrete Log Problem on Hyperelliptic Curves",
    bookTitle="Advances in Cryptology --- EUROCRYPT 2000: International Conference on the Theory and Application of Cryptographic Techniques Bruges, Belgium, May 14--18, 2000 Proceedings",
    year="2000",
    publisher="Springer Berlin Heidelberg",
    address="Berlin, Heidelberg",
    pages="19--34",
    isbn="978-3-540-45539-4",
    doi="10.1007/3-540-45539-6_2",
    url="http://dx.doi.org/10.1007/3-540-45539-6_2"
}

@Article{Menezes1992,
author="Menezes, Alfred J.
and Vanstone, Scott A.",
title="A note on cyclic groups, finite fields, and the discrete logarithm problem",
journal="Applicable Algebra in Engineering, Communication and Computing",
year="1992",
volume="3",
number="1",
pages="67--74",
abstract="We show how the discrete logarithm problem in some finite cyclic groups can easily be reduced to the discrete logarithm problem in a finite field. The cyclic groups that we consider are the set of points on a singular elliptic curve over a finite field, the set of points on a genus 0 curve over a finite field given by the Pell equation, and certain subgroups of the general linear group.",
issn="1432-0622",
doi="10.1007/BF01189025",
url="http://dx.doi.org/10.1007/BF01189025"
}

@Inbook{Costello2012,
author="Costello, Craig
and Lauter, Kristin",
editor="Miri, Ali
and Vaudenay, Serge",
title="Group Law Computations on Jacobians of Hyperelliptic Curves",
bookTitle="Selected Areas in Cryptography: 18th International Workshop, SAC 2011, Toronto, ON, Canada, August 11-12, 2011, Revised Selected Papers",
year="2012",
publisher="Springer Berlin Heidelberg",
address="Berlin, Heidelberg",
pages="92--117",
isbn="978-3-642-28496-0",
doi="10.1007/978-3-642-28496-0_6",
url="http://dx.doi.org/10.1007/978-3-642-28496-0_6"
}

@article{tec,
    author  = "Bernstein, Daniel J and Birkner, Peter and Joye, Marc  and Lange, Tanja  and Peters, Christiane ",
    title   = "Twisted edwards curves",
    journal = "International Conference on Cryptology in Africa",
    year    = "2008",
    pages   = "389--405",
    note    = "Springer Berlin Heidelberg",
}

@Inbook{Silverman1998,
author="Silverman, Joseph H.
and Suzuki, Joe",
editor="Ohta, Kazuo
and Pei, Dingyi",
title="Elliptic Curve Discrete Logarithms and the Index Calculus",
bookTitle="Advances in Cryptology --- ASIACRYPT'98: International Conference on the Theory and Application of Cryptology and Information Security Beijing, China, October 18--22, 1998 Proceedings",
year="1998",
publisher="Springer Berlin Heidelberg",
address="Berlin, Heidelberg",
pages="110--125",
isbn="978-3-540-49649-6",
doi="10.1007/3-540-49649-1_10",
url="http://dx.doi.org/10.1007/3-540-49649-1_10"
}

@Inbook{Theriault2003,
author="Th{\'e}riault, Nicolas",
editor="Laih, Chi-Sung",
title="Index Calculus Attack for Hyperelliptic Curves of Small Genus",
bookTitle="Advances in Cryptology - ASIACRYPT 2003: 9th International Conference on the Theory and Application of Cryptology and Information Security, Taipei, Taiwan, November 30 -- December 4, 2003. Proceedings",
year="2003",
publisher="Springer Berlin Heidelberg",
address="Berlin, Heidelberg",
pages="75--92",
isbn="978-3-540-40061-5",
doi="10.1007/978-3-540-40061-5_5",
url="http://dx.doi.org/10.1007/978-3-540-40061-5_5"
}

@Inbook{Silverman2009,
author="Silverman, Joseph H.",
editor="Avanzi, Roberto Maria
and Keliher, Liam
and Sica, Francesco",
title="Lifting and Elliptic Curve Discrete Logarithms",
bookTitle="Selected Areas in Cryptography: 15th International Workshop, SAC 2008, Sackville, New Brunswick, Canada, August 14-15, Revised Selected Papers",
year="2009",
publisher="Springer Berlin Heidelberg",
address="Berlin, Heidelberg",
pages="82--102",
isbn="978-3-642-04159-4",
doi="10.1007/978-3-642-04159-4_6",
url="http://dx.doi.org/10.1007/978-3-642-04159-4_6"
}

@misc{class13,
author="Vakil, R.",
title="Introduction to algebraic geometry, class 13",
year="1999",
note="Lecture notes for course 725 at Massachusetts Institute of Technology fall 1999.",
url="https://math.stanford.edu/~vakil/725/class13.pdf"
}

@inproceedings{jao2011towards,
    title={Towards quantum-resistant cryptosystems from supersingular elliptic curve isogenies},
    author={Jao, David and De Feo, Luca},
    booktitle={International Workshop on Post-Quantum Cryptography},
    pages={19--34},
    year={2011},
    organization={Springer}
}

@article{childs2014constructing,
  title={Constructing elliptic curve isogenies in quantum subexponential time},
  author={Childs, Andrew
      and Jao, David
      and Soukharev, Vladimir},
  journal={Journal of Mathematical Cryptology},
  volume={8},
  number={1},
  pages={1--29},
  year={2014}
}

@inproceedings{childs2007quantum,
    title={Quantum algorithm for a generalized hidden shift problem},
    author={Childs, Andrew M and van Dam, Wim},
    booktitle={Proceedings of the eighteenth annual ACM-SIAM symposium on Discrete algorithms},
    pages={1225--1232},
    year={2007},
    organization={Society for Industrial and Applied Mathematics}
}

@inproceedings{walter2003longer,
    title={Longer keys may facilitate side channel attacks},
    author={Walter, Colin D},
    booktitle={International Workshop on Selected Areas in Cryptography},
    pages={42--57},
    year={2003},
    organization={Springer}
}

@inproceedings{coron1999resistance,
    title={Resistance against differential power analysis for elliptic curve cryptosystems},
    author={Coron, Jean-S{\'e}bastien},
    booktitle={International Workshop on Cryptographic Hardware and Embedded Systems},
    pages={292--302},
    year={1999},
    organization={Springer}
}

@article{montgomery1987speeding,
  title={Speeding the Pollard and elliptic curve methods of factorization},
  author={Montgomery, Peter L},
  journal={Mathematics of computation},
  volume={48},
  number={177},
  pages={243--264},
  year={1987}
}

@inproceedings{goubin2003refined,
  title={A refined power-analysis attack on elliptic curve cryptosystems},
  author={Goubin, Louis},
  booktitle={International Workshop on Public Key Cryptography},
  pages={199--211},
  year={2003},
  organization={Springer}
}

@article{joye2003elliptic,
  title={Elliptic curves and side-channel analysis},
  author={Joye, Marc},
  journal={ST Journal of System Research},
  volume={4},
  number={1},
  pages={17--21},
  year={2003}
}

@inproceedings{okeya2000power,
  title={Power analysis breaks elliptic curve cryptosystems even secure against the timing attack},
  author={Okeya, Katsuyuki and Sakurai, Kouichi},
  booktitle={International Conference on Cryptology in India},
  pages={178--190},
  year={2000},
  organization={Springer}
}

@inproceedings {yarom_falkner,
    author = {Yuval Yarom and Katrina Falkner},
    title = {FLUSH+RELOAD: A High Resolution, Low Noise, L3 Cache Side-Channel Attack},
    booktitle = {23rd USENIX Security Symposium (USENIX Security 14)},
    year = {2014},
    month = Aug,
    isbn = {978-1-931971-15-7},
    address = {San Diego, CA},
    pages = {719--732},
    url = {https://www.usenix.org/conference/usenixsecurity14/technical-sessions/presentation/yarom},
    publisher = {USENIX Association},
}

@article{yarom2014recovering,
  title={Recovering OpenSSL ECDSA Nonces Using the FLUSH+ RELOAD Cache Side-channel Attack.},
  author={Yarom, Yuval and Benger, Naomi},
  journal={IACR Cryptology ePrint Archive},
  volume={2014},
  pages={140},
  year={2014}
}

@inproceedings{benger2014ooh,
  title={“Ooh Aah... Just a Little Bit”: A small amount of side channel can go a long way},
  author={Benger, Naomi and van de Pol, Joop and Smart, Nigel P and Yarom, Yuval},
  booktitle={International Workshop on Cryptographic Hardware and Embedded Systems},
  pages={75--92},
  year={2014},
  organization={Springer}
}
